<?xml version='1.0' encoding='UTF-8'?>
<record xmlns="http://www.loc.gov/MARC21/slim">
  <leader>01521cam a2200397 a 4500</leader>
  <controlfield tag="001">1089436</controlfield>
  <controlfield tag="003">NjP</controlfield>
  <controlfield tag="005">20171030094953.0</controlfield>
  <controlfield tag="008">961008s1990    ir            000 0 ara d</controlfield>
  <datafield tag="024" ind1="7" ind2=" ">
    <subfield code="a">princeton_aco002732</subfield>
    <subfield code="2">local</subfield>
  </datafield>
  <datafield ind1=" " ind2=" " tag="035">
    <subfield code="a">(OCoLC)ocn176379974</subfield>
  </datafield>
  <datafield ind1=" " ind2=" " tag="040">
    <subfield code="a">NjP</subfield>
    <subfield code="c">PUL</subfield>
    <subfield code="d">PUL</subfield>
  </datafield>
  <datafield ind1=" " ind2=" " tag="035">
    <subfield code="a">(OCoLC)176379974</subfield>
  </datafield>
  <datafield ind1=" " ind2=" " tag="035">
    <subfield code="a">(CStRLIN)NJPG96-B56898</subfield>
  </datafield>
  <datafield ind1=" " ind2=" " tag="035">
    <subfield code="9">CCH0969TS</subfield>
  </datafield>
  <datafield ind1=" " ind2=" " tag="035">
    <subfield code="a">(NjP)1089436</subfield>
  </datafield>
  <datafield ind1=" " ind2=" " tag="043">
    <subfield code="a">a-ir---</subfield>
  </datafield>
  <datafield ind1=" " ind2=" " tag="079">
    <subfield code="a">ocm35764025</subfield>
  </datafield>
  <datafield ind1=" " ind2=" " tag="049">
    <subfield code="a">PULL</subfield>
  </datafield>
  <datafield ind1="1" ind2=" " tag="100">
    <subfield code="6">880-01</subfield>
    <subfield code="a">Nūrī, Fāḍil.</subfield>
  </datafield>
  <datafield ind1="1" ind2="3" tag="245">
    <subfield code="6">880-02</subfield>
    <subfield code="a">al-Imām al-Khumaynī :</subfield>
    <subfield code="b">tajsīd al-khuluq al-Islāmī /</subfield>
    <subfield code="c">Fāḍil al-Nūrī.</subfield>
  </datafield>
  <datafield ind1=" " ind2=" " tag="250">
    <subfield code="6">880-03</subfield>
    <subfield code="a">al-Ṭabʻah 1.</subfield>
  </datafield>
  <datafield ind1=" " ind2=" " tag="260">
    <subfield code="6">880-04</subfield>
    <subfield code="a">Ṭihrān :</subfield>
    <subfield code="b">Munaẓẓamat al-Iʻlām al-Islāmī,</subfield>
    <subfield code="c">1990.</subfield>
  </datafield>
  <datafield ind1=" " ind2=" " tag="300">
    <subfield code="a">210 p. ;</subfield>
    <subfield code="c">21 cm.</subfield>
  </datafield>
  <datafield ind1=" " ind2=" " tag="500">
    <subfield code="a">"377."</subfield>
  </datafield>
  <datafield ind1="1" ind2="0" tag="600">
    <subfield code="a">Khomeini, Ruhollah.</subfield>
    <subfield code="0">http://id.loc.gov/authorities/names/n79119039</subfield>
  </datafield>
  <datafield ind1=" " ind2="0" tag="650">
    <subfield code="a">Shīʻah</subfield>
    <subfield code="x">Doctrines.</subfield>
    <subfield code="0">http://id.loc.gov/authorities/subjects/sh85121391</subfield>
  </datafield>
  <datafield ind1=" " ind2="0" tag="650">
    <subfield code="a">Muslims</subfield>
    <subfield code="z">Iran</subfield>
    <subfield code="x">Biography.</subfield>
  </datafield>
  <datafield ind1=" " ind2="0" tag="651">
    <subfield code="a">Iran</subfield>
    <subfield code="x">Politics and government.</subfield>
    <subfield code="0">http://id.loc.gov/authorities/subjects/sh85067909</subfield>
  </datafield>
  <datafield ind1="1" ind2=" " tag="880">
    <subfield code="6">100-01/r</subfield>
    <subfield code="a">نوري، فاضل.</subfield>
  </datafield>
  <datafield ind1="1" ind2="2" tag="880">
    <subfield code="6">245-02/r</subfield>
    <subfield code="a">الامام الخميني :</subfield>
    <subfield code="b">تجسيد الخلق الاسلامي /</subfield>
    <subfield code="c">فاضل النوري.</subfield>
  </datafield>
  <datafield ind1=" " ind2=" " tag="880">
    <subfield code="6">250-03/r</subfield>
    <subfield code="a">الطبعة 1.</subfield>
  </datafield>
  <datafield ind1=" " ind2=" " tag="880">
    <subfield code="6">260-04/r</subfield>
    <subfield code="a">طهران :</subfield>
    <subfield code="b">منظمة الاعلام الاسلامي،</subfield>
    <subfield code="c">1990.</subfield>
  </datafield>
  <datafield ind1=" " ind2=" " tag="998">
    <subfield code="a">10/08/96</subfield>
    <subfield code="s">9114</subfield>
    <subfield code="n">NjP</subfield>
    <subfield code="d">10/08/96</subfield>
    <subfield code="c">KC</subfield>
    <subfield code="b">KC</subfield>
    <subfield code="i">961008</subfield>
    <subfield code="l">NJPG</subfield>
  </datafield>
  <datafield ind1=" " ind2=" " tag="911">
    <subfield code="a">19961018</subfield>
  </datafield>
  <datafield ind1=" " ind2=" " tag="912">
    <subfield code="a">19961008000000.0</subfield>
  </datafield>
  <datafield ind1=" " ind2=" " tag="994">
    <subfield code="a">C0</subfield>
    <subfield code="b">PUL</subfield>
  </datafield>
  <datafield ind1=" " ind2=" " tag="999">
    <subfield code="a">1089436</subfield>
  </datafield>
  <datafield ind1="0" ind2="0" tag="852">
    <subfield code="0">1252832</subfield>
    <subfield code="b">rcppa</subfield>
    <subfield code="t">1</subfield>
    <subfield code="h">BP80.K49</subfield>
    <subfield code="i">N874 1990</subfield>
    <subfield code="x">tr fr arab</subfield>
  </datafield>
  <datafield ind1=" " ind2=" " tag="959">
    <subfield code="a">2000-06-13 00:00:00 -0500</subfield>
  </datafield>
</record>
